<ting:container
    xmlns:ac="http://biblstandard.dk/ac/namespace/"
    xmlns:dc="http://purl.org/dc/elements/1.1/"
    xmlns:dcterms="http://purl.org/dc/terms/"
    xmlns:dkabm="http://biblstandard.dk/abm/namespace/dkabm/"
    xmlns:dkdcplus="http://biblstandard.dk/abm/namespace/dkdcplus/"
    xmlns:docbook="http://docbook.org/ns/docbook"
    xmlns:oss="http://oss.dbc.dk/ns/osstypes"
    xmlns:ting="http://www.dbc.dk/ting"
    xmlns:xsi="http://www.w3.org/2001/XMLSchema-instance">
    <dkabm:record>
        <ac:identifier>00121703|870970</ac:identifier>
        <ac:source>Bibliotekskatalog</ac:source>
        <dc:title>Koraan Magid</dc:title>
        <dc:title xsi:type="dkdcplus:full">Koraan Magid</dc:title>
        <dc:subject xsi:type="dkdcplus:DK5">29.7</dc:subject>
        <dcterms:audience>voksenmaterialer</dcterms:audience>
        <dc:publisher>Dywan Elawkaf</dc:publisher>
        <dc:date>19??</dc:date>
        <dc:type xsi:type="dkdcplus:BibDK-Type">Bog</dc:type>
        <dc:format>ill</dc:format>
        <dcterms:extent>670 sider</dcterms:extent>
        <dc:language xsi:type="dcterms:ISO639-2">ara</dc:language>
        <dc:language>Arabisk</dc:language>
    </dkabm:record>
    <marcx:collection
        xmlns:marcx="info:lc/xmlns/marcxchange-v1">
        <marcx:record format="danMARC2" type="Bibliographic">
            <marcx:leader>00000n    2200000   4500</marcx:leader>
            <marcx:datafield ind1="0" ind2="0" tag="001">
                <marcx:subfield code="a">00121703</marcx:subfield>
                <marcx:subfield code="b">870970</marcx:subfield>
                <marcx:subfield code="c">19920512</marcx:subfield>
                <marcx:subfield code="d">19740627</marcx:subfield>
                <marcx:subfield code="f">a</marcx:subfield>
                <marcx:subfield code="o">c</marcx:subfield>
            </marcx:datafield>
            <marcx:datafield ind1="0" ind2="0" tag="004">
                <marcx:subfield code="r">n</marcx:subfield>
                <marcx:subfield code="a">e</marcx:subfield>
            </marcx:datafield>
            <marcx:datafield ind1="0" ind2="0" tag="008">
                <marcx:subfield code="t">m</marcx:subfield>
                <marcx:subfield code="u">f</marcx:subfield>
                <marcx:subfield code="a">19??</marcx:subfield>
                <marcx:subfield code="b">iq</marcx:subfield>
                <marcx:subfield code="l">ara</marcx:subfield>
                <marcx:subfield code="v">1</marcx:subfield>
            </marcx:datafield>
            <marcx:datafield ind1="0" ind2="0" tag="009">
                <marcx:subfield code="a">a</marcx:subfield>
                <marcx:subfield code="g">xx</marcx:subfield>
            </marcx:datafield>
            <marcx:datafield ind1="0" ind2="0" tag="245">
                <marcx:subfield code="a">Koraan Magid</marcx:subfield>
            </marcx:datafield>
            <marcx:datafield ind1="0" ind2="0" tag="260">
                <marcx:subfield code="a">Bagdad</marcx:subfield>
                <marcx:subfield code="b">Dywan Elawkaf</marcx:subfield>
            </marcx:datafield>
            <marcx:datafield ind1="0" ind2="0" tag="300">
                <marcx:subfield code="a">670 sider</marcx:subfield>
                <marcx:subfield code="b">ill</marcx:subfield>
            </marcx:datafield>
            <marcx:datafield ind1="0" ind2="0" tag="652">
                <marcx:subfield code="p">88.846</marcx:subfield>
            </marcx:datafield>
            <marcx:datafield ind1="0" ind2="0" tag="654">
                <marcx:subfield code="m">29.7</marcx:subfield>
            </marcx:datafield>
            <marcx:datafield ind1="0" ind2="0" tag="740">
                <marcx:subfield code="a">Koranen</marcx:subfield>
                <marcx:subfield code="r">Arabisk</marcx:subfield>
            </marcx:datafield>
            <marcx:datafield ind1="0" ind2="0" tag="996">
                <marcx:subfield code="a">DBC</marcx:subfield>
            </marcx:datafield>
        </marcx:record>
    </marcx:collection>
    <ln:links
        xmlns:ln="http://oss.dbc.dk/ns/links">
        <ln:link>
            <ln:access>remote</ln:access>
            <ln:accessType/>
            <ln:linkTo>resolver</ln:linkTo>
            <ln:relationType>dbcaddi:hasOpenUrl</ln:relationType>
            <ln:url>_BASEURL_url_ctx_fmt=info:ofi/fmt:kev:mtx:ctx&amp;ctx_ver=Z39.88-2004&amp;rft_val_fmt=info:ofi/fmt:kev:mtx:book&amp;rft.btitle=Koraan+Magid&amp;rft.date=19??&amp;rft.pub=Dywan+Elawkaf&amp;rft.genre=book&amp;rfr_id=info:sid/dbc.dk:870970-basis</ln:url>
            <ln:collectionIdentifier>870970-basis</ln:collectionIdentifier>
            <ln:collectionIdentifier>870970-danbib</ln:collectionIdentifier>
            <ln:collectionIdentifier>870970-bibdk</ln:collectionIdentifier>
        </ln:link>
    </ln:links>
    <adminData>
        <recordStatus>active</recordStatus>
        <creationDate>2016-07-09</creationDate>
        <libraryType>none</libraryType>
        <genre>nonfiktion</genre>
        <indexingAlias>danmarcxchange</indexingAlias>
        <accessType>physical</accessType>
        <workType>literature</workType>
        <collectionIdentifier>870970-basis</collectionIdentifier>
        <collectionIdentifier>870970-danbib</collectionIdentifier>
        <collectionIdentifier>870970-bibdk</collectionIdentifier>
    </adminData>
</ting:container>
